
% Journals

% First the Full Name is given, then the abbreviation used in the AMS Math
% Reviews, with an indication if it could not be found there.
% Note the 2nd overwrites the 1st, so swap them if you want the full name.

 %{AMS}
 @String{AMSTrans = "American Mathematical Society Translations" }
 @String{AMSTrans = "Amer. Math. Soc. Transl." }
 @String{BullAMS = "Bulletin of the American Mathematical Society" }
 @String{BullAMS = "Bull. Amer. Math. Soc." }
 @String{ProcAMS = "Proceedings of the American Mathematical Society" }
 @String{ProcAMS = "Proc. Amer. Math. Soc." }
 @String{TransAMS = "Transactions of the American Mathematical Society" }
 @String{TransAMS = "Trans. Amer. Math. Soc." }

 %ACM
 @String{CACM = "Communications of the {ACM}" }
 @String{CACM = "Commun. {ACM}" }
 @String{CompServ = "Comput. Surveys" }
 @String{JACM = "J. ACM" }
 @String{ACMMathSoft = "{ACM} Transactions on Mathematical Software" }
 @String{ACMMathSoft = "{ACM} Trans. Math. Software" }
 @String{SIGNUM = "{ACM} {SIGNUM} Newsletter" }
 @String{SIGNUM = "{ACM} {SIGNUM} Newslett." }

 @String{AmerSocio = "American Journal of Sociology" }
 @String{AmerStatAssoc = "Journal of the American Statistical Association" }
 @String{AmerStatAssoc = "J. Amer. Statist. Assoc." }
 @String{ApplMathComp = "Applied Mathematics and Computation" }
 @String{ApplMathComp = "Appl. Math. Comput." }
 @String{AmerMathMonthly = "American Mathematical Monthly" }
 @String{AmerMathMonthly = "Amer. Math. Monthly" }
 @String{BIT = "{BIT}" }
 @String{BritStatPsych = "British Journal of Mathematical and Statistical
          Psychology" }
 @String{BritStatPsych = "Brit. J. Math. Statist. Psych." }
 @String{CanMathBull = "Canadian Mathematical Bulletin" }
 @String{CanMathBull = "Canad. Math. Bull." }
 @String{CompApplMath = "Journal of Computational and Applied Mathematics" }
 @String{CompApplMath = "J. Comput. Appl. Math." }
 @String{CompPhys = "Journal of Computational Physics" }
 @String{CompPhys = "J. Comput. Phys." }
 @String{CompStruct = "Computers and Structures" }
 @String{CompStruct = "Comput. \& Structures" }
 @String{CompJour = "The Computer Journal" }
 @String{CompJour = "Comput. J." }
 @String{CompSysSci = "Journal of Computer and System Sciences" }
 @String{CompSysSci = "J. Comput. System Sci." }
 @String{Computing = "Computing" }
 @String{ContempMath = "Contemporary Mathematics" }
 @String{ContempMath = "Contemp. Math." }
 @String{Crelle = "Crelle's Journal" }
 @String{GiornaleMath = "Giornale di Mathematiche" }
 @String{GiornaleMath = "Giorn. Mat." } % didn't find in AMS MR., ibid.

 %IEEE
 @String{Computer = "{IEEE} Computer" }
 @String{IEEETransComp = "{IEEE} Transactions on Computers" }
 @String{IEEETransComp = "{IEEE} Trans. Comput." }
 @String{IEEETransAC = "{IEEE} Transactions on Automatic Control" }
 @String{IEEETransAC = "{IEEE} Trans. Automat. Control" }
 @String{IEEESpec = "{IEEE} Spectrum" } % didn't find in AMS MR
 @String{ProcIEEE = "Proceedings of the {IEEE}" }
 @String{ProcIEEE = "Proc. {IEEE}" } % didn't find in AMS MR
 @String{IEEETransAeroElec = "{IEEE} Transactions on Aerospace and Electronic
     Systems" }
 @String{IEEETransAeroElec = "{IEEE} Trans. Aerospace Electron. Systems" }

 @String{IMANumerAna = "{IMA} Journal of Numerical Analysis" }
 @String{IMANumerAna = "{IMA} J. Numer. Anal." }
 @String{InfProcLet = "Information Processing Letters" }
 @String{InfProcLet = "Inform. Process. Lett." }
 @String{InstMathApp = "Journal of the Institute of Mathematics and
     its Applications" }
 @String{InstMathApp = "J. Inst. Math. Appl." }
 @String{IntControl = "International Journal of Control" }
 @String{IntControl = "Internat. J. Control" }
 @String{IntNumerEng = "International Journal for Numerical Methods in
     Engineering" }
 @String{IntNumerEng = "Internat. J. Numer. Methods Engrg." }
 @String{IntSuper = "International Journal of Supercomputing Applications" }
 @String{IntSuper = "Internat. J. Supercomputing Applic." } % didn't find
%% in AMS MR
 @String{Kibernetika = "Kibernetika" }
 @String{JResNatBurStand = "Journal of Research of the National Bureau
     of Standards" }
 @String{JResNatBurStand = "J. Res. Nat. Bur. Standards" }
 @String{LinAlgApp = "Linear Algebra and its Applications" }
 @String{LinAlgApp = "Linear Algebra Appl." }
 @String{MathAnaAppl = "Journal of Mathematical Analysis and Applications" }
 @String{MathAnaAppl = "J. Math. Anal. Appl." }
 @String{MathAnnalen = "Mathematische Annalen" }
 @String{MathAnnalen = "Math. Ann." }
 @String{MathPhys = "Journal of Mathematical Physics" }
 @String{MathPhys = "J. Math. Phys." }
 @String{MathComp = "Mathematics of Computation" }
 @String{MathComp = "Math. Comp." }
 @String{MathScand = "Mathematica Scandinavica" }
 @String{MathScand = "Math. Scand." }
 @String{TablesAidsComp = "Mathematical Tables and Other Aids to Computation" }
 @String{TablesAidsComp = "Math. Tables Aids Comput." }
 @String{NumerMath = "Numerische Mathematik" }
 @String{NumerMath = "Numer. Math." }
 @String{PacificMath = "Pacific Journal of Mathematics" }
 @String{PacificMath = "Pacific J. Math." }
 @String{ParDistComp = "Journal of Parallel and Distributed Computing" }
 @String{ParDistComp = "J. Parallel and Distrib. Comput." } % didn't find
%% in AMS MR
 @String{ParComputing = "Parallel Computing" }
 @String{ParComputing = "Parallel Comput." }
 @String{PhilMag = "Philosophical Magazine" }
 @String{PhilMag = "Philos. Mag." }
 @String{ProcNAS = "Proceedings of the National Academy of Sciences
                    of the USA" }
 @String{ProcNAS = "Proc. Nat. Acad. Sci. U. S. A." }
 @String{Psychometrika = "Psychometrika" }
 @String{QuartMath = "Quarterly Journal of Mathematics, Oxford, Series (2)" }
 @String{QuartMath = "Quart. J. Math. Oxford Ser. (2)" }
 @String{QuartApplMath = "Quarterly of Applied Mathematics" }
 @String{QuartApplMath = "Quart. Appl. Math." }
 @String{RevueInstStat = "Review of the International Statisical Institute" }
 @String{RevueInstStat = "Rev. Inst. Internat. Statist." }

 %SIAM
 @String{JSIAM = "Journal of the Society for Industrial and Applied
     Mathematics" }
 @String{JSIAM = "J. Soc. Indust. Appl. Math." }
 @String{JSIAMB = "Journal of the Society for Industrial and Applied
     Mathematics, Series B, Numerical Analysis" }
 @String{JSIAMB = "J. Soc. Indust. Appl. Math. Ser. B Numer. Anal." }
 @String{SIAMAlgMeth = "{SIAM} Journal on Algebraic and Discrete Methods" }
 @String{SIAMAlgMeth = "{SIAM} J. Algebraic Discrete Methods" }
 @String{SIAMAppMath = "{SIAM} Journal on Applied Mathematics" }
 @String{SIAMAppMath = "{SIAM} J. Appl. Math." }
 @String{SIAMComp = "{SIAM} Journal on Computing" }
 @String{SIAMComp = "{SIAM} J. Comput." }
 @String{SIAMMatrix = "{SIAM} Journal on Matrix Analysis and Applications" }
 @String{SIAMMatrix = "{SIAM} J. Matrix Anal. Appl." }
 @String{SIAMNumAnal = "{SIAM} Journal on Numerical Analysis" }
 @String{SIAMNumAnal = "{SIAM} J. Numer. Anal." }
 @String{SIAMReview = "{SIAM} Review" }
 @String{SIAMReview = "{SIAM} Rev." }
 @String{SIAMSciStat = "{SIAM} Journal on Scientific and Statistical
     Computing" }
 @String{SIAMSciStat = "{SIAM} J. Sci. Statist. Comput." }

 @String{SoftPracExp = "Software Practice and Experience" }
 @String{SoftPracExp = "Software Prac. Experience" } % didn't find in AMS MR
 @String{StatScience = "Statistical Science" }
 @String{StatScience = "Statist. Sci." }
 @String{Techno = "Technometrics" }
 @String{USSRCompMathPhys = "{USSR} Computational Mathematics and Mathematical
     Physics" }
 @String{USSRCompMathPhys = "{U. S. S. R.} Comput. Math. and Math. Phys." }
 @String{VLSICompSys = "Journal of {VLSI} and Computer Systems" }
 @String{VLSICompSys = "J. {VLSI} Comput. Syst." }
 @String{ZAngewMathMech = "Zeitschrift fur Angewandte Mathematik und
     Mechanik" }
 @String{ZAngewMathMech = "Z. Angew. Math. Mech." }
 @String{ZAngewMathPhys = "Zeitschrift fur Angewandte Mathematik und Physik" }
 @String{ZAngewMathPhys = "Z. Angew. Math. Phys." }

% Publishers % ================================================= |

 @String{Academic = "Academic Press" }
 @String{ACMPress = "{ACM} Press" }
 @String{AdamHilger = "Adam Hilger" }
 @String{AddisonWesley = "Addison-Wesley" }
 @String{AllynBacon = "Allyn and Bacon" }
 @String{AMS = "American Mathematical Society" }
 @String{Birkhauser = "Birkha{\"u}ser" }
 @String{CambridgePress = "Cambridge University Press" }
 @String{Chelsea = "Chelsea" }
 @String{ClaredonPress = "Claredon Press" }
 @String{DoverPub = "Dover Publications" }
 @String{Eyolles = "Eyolles" }
 @String{HoltRinehartWinston = "Holt, Rinehart and Winston" }
 @String{Interscience = "Interscience" }
 @String{JohnsHopkinsPress = "The Johns Hopkins University Press" }
 @String{JohnWileySons = "John Wiley and Sons" }
 @String{Macmillan = "Macmillan" }
 @String{MathWorks = "The Math Works Inc." }
 @String{McGrawHill = "McGraw-Hill" }
 @String{NatBurStd = "National Bureau of Standards" }
 @String{NorthHolland = "North-Holland" }
 @String{OxfordPress = "Oxford University Press" }  %address Oxford or London?
 @String{PergamonPress = "Pergamon Press" }
 @String{PlenumPress = "Plenum Press" }
 @String{PrenticeHall = "Prentice-Hall" }
 @String{SIAMPub = "{SIAM} Publications" }
 @String{Springer = "Springer-Verlag" }
 @String{TexasPress = "University of Texas Press" }
 @String{VanNostrand = "Van Nostrand" }
 @String{WHFreeman = "W. H. Freeman and Co." }

%Entries


@misc{adam2021rideshare,
  author = "Adam Wears",
  year = "2021",
  title = "Ride Sharing: Value Chain Analysis, Market Size \& Forecasts 2021-2026",
  howpublished = "\url{https://www.juniperresearch.com/researchstore/key-vertical-markets/ride-sharing-market-research-report}",
  note = "Accessed: Jan. 1, 2021"
}

@misc{nycwebsite,
  year = "2018",
  title = "New York City yellow taxi trip record 2018",
  howpublished = "\url{https://www1.nyc.gov/site/tlc/about/tlc-trip-record-data.page}",
  note = "Accessed: Jan. 1, 2021"
}

@article{santi2014quantifying,
  title={Quantifying the benefits of vehicle pooling with shareability networks},
  author={Santi, Paolo and Resta, Giovanni and Szell, Michael and Sobolevsky, Stanislav and Strogatz, Steven H and Ratti, Carlo},
  journal={Proceedings of the National Academy of Sciences},
  volume={111},
  number={37},
  pages={13290--13294},
  year={2014},
  publisher={National Acad Sciences}
}

@article{alonso2017demand,
  title={On-demand high-capacity ride-sharing via dynamic trip-vehicle assignment},
  author={Alonso-Mora, Javier and Samaranayake, Samitha and Wallar, Alex and Frazzoli, Emilio and Rus, Daniela},
  journal={Proceedings of the National Academy of Sciences},
  volume={114},
  number={3},
  pages={462--467},
  year={2017},
  publisher={National Acad Sciences}
}

@inproceedings{bei2018algorithms,
  title={Algorithms for trip-vehicle assignment in ride-sharing},
  author={Bei, Xiaohui and Zhang, Shengyu},
  booktitle={Thirty-second AAAI conference on artificial intelligence},
  year={2018}
}

@article{agatz2012optimization,
  title={Optimization for dynamic ride-sharing: A review},
  author={Agatz, Niels and Erera, Alan and Savelsbergh, Martin and Wang, Xing},
  journal={European Journal of Operational Research},
  volume={223},
  number={2},
  pages={295--303},
  year={2012},
  publisher={Elsevier}
}

@inproceedings{santos2013dynamic,
  title={Dynamic taxi and ridesharing: A framework and heuristics for the optimization problem},
  author={Santos, Douglas Oliveira and Xavier, Eduardo Candido},
  booktitle={Twenty-Third International Joint Conference on Artificial Intelligence},
  year={2013}
}

@inproceedings{dickerson2018allocation,
  title={Allocation problems in ride-sharing platforms: Online matching with offline reusable resources},
  author={Dickerson, John and Sankararaman, Karthik and Srinivasan, Aravind and Xu, Pan},
  booktitle={Proceedings of the AAAI Conference on Artificial Intelligence},
  volume={32},
  number={1},
  year={2018}
}

@article{al2019deeppool,
  title={Deeppool: Distributed model-free algorithm for ride-sharing using deep reinforcement learning},
  author={Al-Abbasi, Abubakr O and Ghosh, Arnob and Aggarwal, Vaneet},
  journal={IEEE Transactions on Intelligent Transportation Systems},
  volume={20},
  number={12},
  pages={4714--4727},
  year={2019},
  publisher={IEEE}
}

@inproceedings{ashlagi2019edge,
  title={Edge weighted online windowed matching},
  author={Ashlagi, Itai and Burq, Maximilien and Dutta, Chinmoy and Jaillet, Patrick and Saberi, Amin and Sholley, Chris},
  booktitle={Proceedings of the 2019 ACM Conference on Economics and Computation},
  pages={729--742},
  year={2019}
}

@inproceedings{karp1990optimal,
  title={An optimal algorithm for on-line bipartite matching},
  author={Karp, Richard M and Vazirani, Umesh V and Vazirani, Vijay V},
  booktitle={Proceedings of the twenty-second annual ACM symposium on Theory of computing},
  pages={352--358},
  year={1990}
}

@inproceedings{huang2018match,
  title={How to match when all vertices arrive online},
  author={Huang, Zhiyi and Kang, Ning and Tang, Zhihao Gavin and Wu, Xiaowei and Zhang, Yuhao and Zhu, Xue},
  booktitle={Proceedings of the 50th Annual ACM SIGACT Symposium on Theory of computing},
  pages={17--29},
  year={2018}
}

@inproceedings{huang2019tight,
  title={Tight competitive ratios of classic matching algorithms in the fully online model},
  author={Huang, Zhiyi and Peng, Binghui and Tang, Zhihao Gavin and Tao, Runzhou and Wu, Xiaowei and Zhang, Yuhao},
  booktitle={Proceedings of the Thirtieth Annual ACM-SIAM Symposium on Discrete Algorithms},
  pages={2875--2886},
  year={2019},
  organization={SIAM}
}

@inproceedings{shah2020neural,
  title={Neural approximate dynamic programming for on-demand ride-pooling},
  author={Shah, Sanket and Lowalekar, Meghna and Varakantham, Pradeep},
  booktitle={Proceedings of the AAAI Conference on Artificial Intelligence},
  volume={34},
  number={01},
  pages={507--515},
  year={2020}
}

@inproceedings{xu2018large,
  title={Large-scale order dispatch in on-demand ride-hailing platforms: A learning and planning approach},
  author={Xu, Zhe and Li, Zhixin and Guan, Qingwen and Zhang, Dingshui and Li, Qiang and Nan, Junxiao and Liu, Chunyang and Bian, Wei and Ye, Jieping},
  booktitle={Proceedings of the 24th ACM SIGKDD International Conference on Knowledge Discovery \& Data Mining},
  pages={905--913},
  year={2018}
}

@inproceedings{tang2019deep,
  title={A deep value-network based approach for multi-driver order dispatching},
  author={Tang, Xiaocheng and Qin, Zhiwei and Zhang, Fan and Wang, Zhaodong and Xu, Zhe and Ma, Yintai and Zhu, Hongtu and Ye, Jieping},
  booktitle={Proceedings of the 25th ACM SIGKDD international conference on knowledge discovery \& data mining},
  pages={1780--1790},
  year={2019}
}

@inproceedings{holler2019deep,
  title={Deep reinforcement learning for multi-driver vehicle dispatching and repositioning problem},
  author={Holler, John and Vuorio, Risto and Qin, Zhiwei and Tang, Xiaocheng and Jiao, Yan and Jin, Tiancheng and Singh, Satinder and Wang, Chenxi and Ye, Jieping},
  booktitle={2019 IEEE International Conference on Data Mining (ICDM)},
  pages={1090--1095},
  year={2019},
  organization={IEEE}
}

@inproceedings{li2019efficient,
  title={Efficient ridesharing order dispatching with mean field multi-agent reinforcement learning},
  author={Li, Minne and Qin, Zhiwei and Jiao, Yan and Yang, Yaodong and Wang, Jun and Wang, Chenxi and Wu, Guobin and Ye, Jieping},
  booktitle={The World Wide Web Conference},
  pages={983--994},
  year={2019}
}

@inproceedings{zhou2019multi,
  title={Multi-agent reinforcement learning for order-dispatching via order-vehicle distribution matching},
  author={Zhou, Ming and Jin, Jiarui and Zhang, Weinan and Qin, Zhiwei and Jiao, Yan and Wang, Chenxi and Wu, Guobin and Yu, Yong and Ye, Jieping},
  booktitle={Proceedings of the 28th ACM International Conference on Information and Knowledge Management},
  pages={2645--2653},
  year={2019}
}

@inproceedings{wang2018deep,
  title={Deep reinforcement learning with knowledge transfer for online rides order dispatching},
  author={Wang, Zhaodong and Qin, Zhiwei and Tang, Xiaocheng and Ye, Jieping and Zhu, Hongtu},
  booktitle={2018 IEEE International Conference on Data Mining (ICDM)},
  pages={617--626},
  year={2018},
  organization={IEEE}
}

@article{jintao2020learning,
  title={Learning to delay in ride-sourcing systems: a multi-agent deep reinforcement learning framework},
  author={Jintao, KE and Yang, Hai and Ye, Jieping and others},
  journal={IEEE Transactions on Knowledge and Data Engineering},
  year={2020},
  publisher={IEEE}
}

@inproceedings{wang2019adaptive,
  title={Adaptive dynamic bipartite graph matching: A reinforcement learning approach},
  author={Wang, Yansheng and Tong, Yongxin and Long, Cheng and Xu, Pan and Xu, Ke and Lv, Weifeng},
  booktitle={2019 IEEE 35th International Conference on Data Engineering (ICDE)},
  pages={1478--1489},
  year={2019},
  organization={IEEE}
}

@inproceedings{hao2020learning,
  title     = {Learning to Accelerate Heuristic Searching for Large-Scale Maximum Weighted b-Matching Problems in Online Advertising},
  author    = {Hao, Xiaotian and Jin, Junqi and Hao, Jianye and Li, Jin and Wang, Weixun and Ma, Yi and Zheng, Zhenzhe and Li, Han and Xu, Jian and Gai, Kun},
  booktitle = {Proceedings of the Twenty-Ninth International Joint Conference on
               Artificial Intelligence, {IJCAI-20}},
  publisher = {International Joint Conferences on Artificial Intelligence Organization},
  editor    = {Christian Bessiere},
  pages     = {3437--3443},
  year      = {2020},
  month     = {7},
}

@inproceedings{coester2019online,
  title={The online k-taxi problem},
  author={Coester, Christian and Koutsoupias, Elias},
  booktitle={Proceedings of the 51st Annual ACM SIGACT Symposium on Theory of Computing},
  pages={1136--1147},
  year={2019}
}

@article{koutsoupias2009k,
  title={The k-server problem},
  author={Koutsoupias, Elias},
  journal={Computer Science Review},
  volume={3},
  number={2},
  pages={105--118},
  year={2009},
  publisher={Elsevier}
}

@article{koutsoupias1995k,
  title={On the k-server conjecture},
  author={Koutsoupias, Elias and Papadimitriou, Christos H},
  journal={Journal of the ACM (JACM)},
  volume={42},
  number={5},
  pages={971--983},
  year={1995},
  publisher={ACM New York, NY, USA}
}

@article{edmonds1965maximum,
  title={Maximum matching and a polyhedron with 0, 1-vertices},
  author={Edmonds, Jack},
  journal={Journal of research of the National Bureau of Standards B},
  volume={69},
  number={125-130},
  pages={55--56},
  year={1965}
}

@inproceedings{tang2021value,
  title={Value Function is All You Need: A Unified Learning Framework for Ride Hailing Platforms},
  author={Tang, Xiaocheng and Zhang, Fan and Qin, Zhiwei and Wang, Yansheng and Shi, Dingyuan and Song, Bingchen and Tong, Yongxin and Zhu, Hongtu and Ye, Jieping},
  booktitle={Proceedings of the 27th ACM SIGKDD Conference on Knowledge Discovery \& Data Mining},
  pages={3605--3615},
  year={2021}
}

@article{danassis2019putting,
  title={Putting ridesharing to the test: Efficient and scalable solutions and the power of dynamic vehicle relocation},
  author={Danassis, Panayiotis and Sakota, Marija and Filos-Ratsikas, Aris and Faltings, Boi},
  journal={arXiv preprint arXiv:1912.08066},
  year={2019}
}

@article{bresson2017residual,
  title={Residual gated graph convnets},
  author={Bresson, Xavier and Laurent, Thomas},
  journal={arXiv preprint arXiv:1711.07553},
  year={2017}
}

@article{joshi2019efficient,
  title={An efficient graph convolutional network technique for the travelling salesman problem},
  author={Joshi, Chaitanya K and Laurent, Thomas and Bresson, Xavier},
  journal={arXiv preprint arXiv:1906.01227},
  year={2019}
}

@article{li2018combinatorial,
  title={Combinatorial optimization with graph convolutional networks and guided tree search},
  author={Li, Zhuwen and Chen, Qifeng and Koltun, Vladlen},
  journal={arXiv preprint arXiv:1810.10659},
  year={2018}
}

@article{gasse2019exact,
  title={Exact combinatorial optimization with graph convolutional neural networks},
  author={Gasse, Maxime and Ch{\'e}telat, Didier and Ferroni, Nicola and Charlin, Laurent and Lodi, Andrea},
  journal={arXiv preprint arXiv:1906.01629},
  year={2019}
}

@article{salimans2017evolution,
  title={Evolution strategies as a scalable alternative to reinforcement learning},
  author={Salimans, Tim and Ho, Jonathan and Chen, Xi and Sidor, Szymon and Sutskever, Ilya},
  journal={arXiv preprint arXiv:1703.03864},
  year={2017}
}

@article{qin2021reinforcement,
  title={Reinforcement Learning for Ridesharing: A Survey},
  author={Qin, Zhiwei and Zhu, Hongtu and Ye, Jieping},
  journal={arXiv preprint arXiv:2105.01099},
  year={2021}
}
